
@misc{2005ForskriftSmafe,
  title = {Forskrift Om Merking, Registrering Og Rapportering Av Sm\aa fe},
  year = {2005},
  month = nov,
  journal = {Lovdata}
}

@misc{2005ForskriftSmafeb,
  title = {Forskrift Om Velferd for Sm\aa fe},
  year = {2005},
  journal = {Lovdata}
}

@misc{2014ForskriftRovvilt,
  title = {Forskrift Om Erstatning N\aa r Husdyr Blir Drept Eller Skadet Av Rovvilt},
  year = {2014},
  journal = {Lovdata}
}

@misc{aboutJavascriptFrameworks,
  title = {Does Your Web App Need a Front-End Framework? - {{Stack Overflow Blog}}},
  howpublished = {https://stackoverflow.blog/2020/02/03/is-it-time-for-a-front-end-framework/}
}

@techreport{Abtahi2020TilsynBeite,
  title = {Tilsyn Med Sau P\aa{} Beite},
  author = {Abtahi, Kimia Dadar and {Gjelseth-Borgen}, Trym Vegard},
  year = {2020},
  institution = {{Norges teknisk-naturvitenskapelige universitet (NTNU)}}
}

@misc{AdobeTool,
  title = {Adobe {{XD}} | Fast \& Powerful {{UI}}/{{UX}} Design \& Collaboration Tool},
  howpublished = {https://www.adobe.com/no/products/xd.html}
}

@misc{AffinitySoftware,
  title = {Affinity Designer \textendash{} Professional Graphic Design Software},
  howpublished = {https://affinity.serif.com/en-us/designer/}
}

@misc{Angular,
  title = {Angular},
  howpublished = {https://angular.io/}
}

@misc{AngularElementRef,
  title = {Angular - {{ElementRef}}},
  howpublished = {https://angular.io/api/core/ElementRef}
}

@misc{AngularJavaScriptLibraries,
  title = {Angular - {{Using}} Published Libraries},
  howpublished = {https://angular.io/guide/using-libraries}
}

@misc{AngularWhatAngular,
  title = {Angular - {{What}} Is {{Angular}}?},
  howpublished = {https://angular.io/guide/what-is-angular}
}

@misc{animaliaSauekontrollen2019,
  title = {Sauekontrollen},
  author = {Animalia},
  year = {2019},
  month = may,
  howpublished = {https://www.animalia.no/no/Dyr/husdyrkontrollene/sauekontrollen/}
}

@misc{AnnouncingNewIonic,
  title = {Announcing the (New) {{Ionic Vue Beta}} - {{Ionic Blog}}},
  howpublished = {https://ionicframework.com/blog/announcing-the-new-ionic-vue-beta/}
}

@misc{ApacheCordova,
  title = {Apache {{Cordova}}},
  howpublished = {https://cordova.apache.org/}
}

@misc{AVSpeechSynthesizerAppleDeveloper,
  title = {{{AVSpeechSynthesizer}} | {{Apple Developer Documentation}}},
  howpublished = {https://developer.apple.com/documentation/avfaudio/avspeechsynthesizer}
}

@misc{AvstandOgFaerre2020,
  title = {Avstand Og F\ae rre Kontakter - {{FHI}}},
  year = {2020},
  month = nov,
  howpublished = {https://www.fhi.no/nettpub/coronavirus/fakta/avstand-kontakter/?term=\&h=1}
}

@techreport{Bakke2006TapRovdyr,
  title = {Tap Av Lam P\aa{} Sommerbeite Som Ikke Skyldes Rovdyr},
  author = {Bakke, Svanhild},
  year = {2006},
  volume = {1},
  institution = {{Nibio, Bioforsk \O st S\ae ter}},
  isbn = {978-82-17-00026-6},
  journal = {Bakke / bioforsk rapport}
}

@misc{BalsamiqBalsamiq,
  title = {Balsamiq Wireframes - Industry Standard Low-Fidelity Wireframing Software | Balsamiq},
  howpublished = {https://balsamiq.com/wireframes/?gclid=Cj0KCQiAnKeCBhDPARIsAFDTLTKQCQv-3YpwzIcxvpmL2bO4tfBqHjMPMZ0AoTC84UnbJpy3gF6nKsgaAuZ5EALw\_wcB}
}

@misc{beckManifestoAgileSoftware2001,
  title = {Manifesto for {{Agile Software Development}}},
  shorttitle = {Agile {{Manifesto}}},
  author = {Beck, Kent and Beedle, Mike and {van Bennekum}, Arie and Cockburn, Alistair},
  year = {2001},
  howpublished = {https://agilemanifesto.org/},
  journal = {Agile Manifesto}
}

@misc{beckPrinciplesAgileManifesto2001,
  title = {Principles behind the {{Agile Manifesto}}},
  author = {Beck, Kent and Beedle, Mike},
  year = {2001},
  howpublished = {https://agilemanifesto.org/principles.html},
  journal = {Agile Manifesto}
}

@misc{BeiteSnapFacebook2020,
  title = {{{BeiteSnap}} | {{Facebook}}},
  year = {2020},
  month = jan,
  file = {C\:\\Users\\kimia\\Zotero\\storage\\7ZRJXRYI\\beitesnap.html}
}

@misc{beitesnapKomplettBrukermanualBeitebrukere2017,
  title = {{Komplett brukermanual for beitebrukere}},
  author = {Beitesnap},
  year = {2017},
  month = jun,
  publisher = {{Beitesnap}},
  language = {no}
}

@misc{BeitesnapRevolusjonerendeVerktoy,
  title = {Beitesnap - {{Revolusjonerende}} Verkt\o y for Husdyr P\aa{} Beite!},
  howpublished = {https://www.beitesnap.no/}
}

@misc{BianchiCoolorsGenerator,
  title = {Coolors - {{The}} Super Fast Color Schemes Generator!},
  author = {Bianchi, Fabrizio},
  howpublished = {https://coolors.co/}
}

@misc{BransjeledendeIllustrator,
  title = {Bransjeledende Vektorgrafikkprogramvare | Adobe Illustrator},
  howpublished = {https://www.adobe.com/no/products/illustrator.html?promoid=PGRQQLFS\&mv=other}
}

@misc{budiuQuantitativeVsQualitative2017,
  title = {Quantitative vs. {{Qualitative Usability Testing}} - {{Nielsen Norman Group}}},
  author = {Budiu, Raluca},
  year = {2017},
  month = oct,
  howpublished = {https://www.nngroup.com/articles/quant-vs-qual/}
}

@techreport{BungerSmafenaring2018,
  title = {Sm\aa fenaeringen-St\o rste Sektoren i Norsk Jordbruk},
  author = {Bunger, Anne and Eide, Margaret and Christian, Hillestad and Smedshaug, Anton},
  year = {2018},
  pages = {2--56},
  address = {{Oslo}},
  institution = {{AgriAnalyse}}
}

@misc{CapacitorBlogHow,
  title = {Capacitor {{Blog}} - {{How Capacitor Works}}},
  howpublished = {https://capacitorjs.com/blog/how-capacitor-works}
}

@misc{CapacitorcommunityTexttospeech2021,
  title = {Capacitor-Community/Text-to-Speech},
  year = {2021},
  month = mar,
  abstract = {⚡️ Capacitor plugin for synthesizing speech from text.},
  copyright = {MIT License         ,                 MIT License},
  howpublished = {Capacitor Community},
  keywords = {android,capacitor,capacitor-community,capacitor-plugin,ios,text-to-speech,tts}
}

@misc{CapacitorCrossplatformNative,
  title = {Capacitor: {{Cross}}-Platform Native Runtime for Web Apps},
  howpublished = {https://capacitorjs.com/}
}

@misc{CloudFirestoreFirebase,
  title = {Cloud {{Firestore}} ~|~ {{Firebase}}},
  howpublished = {https://firebase.google.com/docs/firestore}
}

@misc{CloudStorageFirebase2021,
  title = {Cloud {{Storage}} for {{Firebase}}},
  year = {2021},
  month = apr,
  howpublished = {https://firebase.google.com/docs/storage},
  journal = {Firebase}
}

@misc{ColorsHEX,
  title = {Colors {{HEX}}},
  howpublished = {https://www.w3schools.com/colors/colors\_hexadecimal.asp}
}

@misc{ColorsRGB,
  title = {Colors {{RGB}}},
  howpublished = {https://www.w3schools.com/colors/colors\_rgb.asp}
}

@misc{CordovaVsCapacitor,
  title = {Cordova vs {{Capacitor}} - {{Ionic}} - {{The Cross}}-{{Platform App Development Leader}}},
  howpublished = {https://ionicframework.com/resources/articles/capacitor-vs-cordova-modern-hybrid-app-development?\_gl=1*1q8dn6q*\_ga*Mzc1ODA5MjguMTU5NzkyMDE5Ng..*\_ga\_REH9TJF6KF*MTYxNTk4MjcyNy4yNS4xLjE2MTU5ODQ3MTQuMA..}
}

@misc{CreatingCapacitorPlugins,
  title = {Creating {{Capacitor Plugins}} - {{Capacitor}}},
  howpublished = {https://capacitorjs.com/docs/plugins/creating-plugins}
}

@inproceedings{dongPowersavingColorTransformation2009,
  title = {Power-Saving Color Transformation of Mobile Graphical User Interfaces on {{OLED}}-Based Displays},
  booktitle = {Proceedings of the 14th {{ACM}}/{{IEEE}} International Symposium on {{Low}} Power Electronics and Design - {{ISLPED}} '09},
  author = {Dong, Mian and Choi, Yung-Seok Kevin and Zhong, Lin},
  year = {2009},
  pages = {339},
  publisher = {{ACM Press}},
  address = {{San Fancisco, CA, USA}},
  doi = {10.1145/1594233.1594317},
  abstract = {Emerging organic light-emitting diode (OLED)-based displays have drastically different power consumption when displaying different colors, due to their emissive nature. They bring a new opportunity for power saving by transforming GUI colors. In this work, we study this opportunity using a commercial-off-the-shelf QVGA OLED module and user studies. We present techniques that adapt GUIs based on existing mechanisms as well as arbitrarily under usability constraints. Our measurement and user studies show that more than 75\% display power reduction can be achieved with user acceptance.},
  file = {C\:\\Users\\kimia\\Zotero\\storage\\PF8MDJK7\\Dong et al. - 2009 - Power-saving color transformation of mobile graphi.pdf},
  isbn = {978-1-60558-684-7},
  language = {en}
}

@misc{DyrebeskyttelsenNorgeTapBeite,
  title = {Tap Av Sau P\aa{} Beite},
  author = {{Dyrebeskyttelsen Norge}},
  howpublished = {https://www.dyrebeskyttelsen.no/tap-sau-pa-beite/}
}

@misc{Dyrevernalliansen2019SauHusdyr,
  title = {Sau Og Geit Som Husdyr},
  author = {{Dyrevernalliansen}},
  year = {2019},
  month = oct,
  howpublished = {https://dyrevern.no/landbruksdyr/sau-og-geit/}
}

@phdthesis{dystheEffektiviseringAvManuell2018,
  title = {{Effektivisering av manuell oppf\o lging av sau p\aa{} utmarksbeite}},
  author = {Dysthe, Stian and Kjerstad, Andreas},
  year = {2018},
  month = jun,
  address = {{Trondheim}},
  language = {no},
  school = {Norges teknisk-naturvitenskapelige universitet (NTNU)},
  type = {{Masteroppgave}}
}

@article{engenForingAvKopplam2017,
  title = {F\^oring Av Kopplam - Slik Lykkes Du},
  author = {Engen, Linn Hege and T{\o}mmerberg, Vibeke},
  year = {2017},
  pages = {44--47},
  abstract = {Lammetallet hos den norske sauen har \o kt betraktelig de siste 20 \aa rene. Dersom s\o ya ikke har tilstrekkelig melkeproduksjon for \aa{} fostre opp hele kullet, blir rammet av sjukdom, eller i verste fall d\o r, vil det v\ae re aktuelt \aa{} f\^ore opp lammene som kopplam. Her finner du noen gode tips for \aa{} lykkes med kopplamoppdrettet.},
  journal = {Norsk Sau og Geit},
  number = {2}
}

@misc{Figma:Tool.,
  title = {Figma: The Collaborative Interface Design Tool.},
  howpublished = {https://www.figma.com/}
}

@misc{findmyBrukeravgift,
  title = {Brukeravgift},
  author = {FindMy},
  howpublished = {https://www.findmy.no/nb/brukeravgift}
}

@misc{findmyDekningHeleNorge,
  title = {Dekning i Hele {{Norge}}},
  author = {FindMy},
  howpublished = {https://www.findmy.no/nb/dekning-i-hele-norge}
}

@misc{findmyFunksjoner,
  title = {Funksjoner},
  author = {FindMy},
  howpublished = {https://www.findmy.no/nb/funksjoner}
}

@misc{findmyOmOss,
  title = {{Om oss}},
  author = {FindMy},
  abstract = {GPS sporing av husdyr p\aa{} utmarksbeite uten mobildekning},
  file = {C\:\\Users\\kimia\\Zotero\\storage\\XFWYNPTU\\om-oss.html},
  howpublished = {https://www.findmy.no/nb/om-oss},
  language = {nb}
}

@misc{findmyProdukt,
  title = {{Produkt}},
  author = {FindMy},
  abstract = {GPS sporing av husdyr p\aa{} utmarksbeite uten mobildekning},
  file = {C\:\\Users\\kimia\\Zotero\\storage\\6F53W3YA\\produkt.html},
  howpublished = {https://www.findmy.no/nb/produkt},
  language = {nb}
}

@misc{findmySatelitt,
  title = {Satelitt},
  author = {FindMy},
  howpublished = {https://www.findmy.no/nb/satellitt}
}

@misc{findmyShop,
  title = {Shop},
  author = {FindMy},
  howpublished = {https://www.findmy.no/shop}
}

@misc{findmySlikFungererSatellittene,
  title = {Slik Fungerer Satellittene},
  author = {FindMy},
  howpublished = {https://www.findmy.no/nb/gps}
}

@misc{Firebase,
  title = {Firebase},
  howpublished = {https://firebase.google.com/}
}

@misc{FirebaseAuthenticationSimple,
  title = {Firebase {{Authentication}} | {{Simple}}, Free Multi-Platform Sign-In},
  howpublished = {https://firebase.google.com/products/auth}
}

@misc{FirebaseCrunchbaseCompany,
  title = {Firebase - {{Crunchbase Company Profile}} \& {{Funding}}},
  howpublished = {https://www.crunchbase.com/organization/firebase}
}

@misc{FirebaseProducts,
  title = {Firebase {{Products}}},
  howpublished = {https://firebase.google.com/products-build}
}

@misc{FlutterBeautifulNative,
  title = {Flutter - {{Beautiful}} Native Apps in Record Time},
  howpublished = {https://flutter.dev/?gclsrc=aw.ds\&\&gclid=Cj0KCQjwi7yCBhDJARIsAMWFScMsWOhzUdKWUbmC45d\_uzQFzIFloQsROKtuYb2nhLAyP6SZuof4GkYaAjG5EALw\_wcB}
}

@misc{FlutterDart,
  title = {Dart Overview | {{Dart}}},
  howpublished = {https://dart.dev/overview\#platform}
}

@misc{FostertellingOgSniktitt2015,
  title = {Fostertelling Og En Sniktitt P\aa{} H\o stens Produksjonsreultater \textendash{} {{\O vre R\o nningen G\aa rd}}},
  year = {2015},
  month = feb,
  journal = {\O vre r\o nningen g\aa rd}
}

@misc{FrameWorkComparison,
  title = {React {{Native}} vs {{Flutter}} vs {{Ionic}} vs {{NativeScript}} vs {{PWA}}},
  author = {Schwarzm{\"u}ller, Maximilian},
  howpublished = {https://academind.com/tutorials/react-native-vs-flutter-vs-ionic-vs-nativescript-vs-pwa/}
}

@misc{Fremstad2020SauebnderRuralis,
  title = {Saueb\o nder F\aa r Gevinst Av Radiobjeller - Ruralis},
  author = {Fremstad, J{\o}rn J.},
  year = {2020},
  month = jul,
  howpublished = {https://ruralis.no/2020/07/06/sauebonder-far-gevinst-av-radiobjeller/},
  journal = {Ruralis}
}

@article{FylkesmanneniOsloogAkershus2017BeitedyrRovdyr,
  title = {Beitedyr Og Rovdyr},
  author = {{Fylkesmannen i Oslo og Akershus} and {Statens Naturoppsyn} and {Mattilsynet}},
  year = {2017}
}

@misc{GeoNorgeLeaflet,
  title = {Brukerveiledning},
  howpublished = {https://www.geonorge.no/aktuelt/om-geonorge/brukerveiledning/}
}

@misc{GolSA,
  title = {Gol Beitelag {{SA}}},
  howpublished = {http://golbeitelag.no/}
}

@misc{GoogleAcquiresFirebase,
  title = {Google {{Acquires Firebase To Help Developers Build Better Real}}-{{Time Apps}}},
  abstract = {Google today announced that it has acquired Firebase, a backend service that helps developers build realtime apps for iOS, Android and the web that can store and sync data instantly. Firebase currently has almost 110,000 registered developers on its platform and the Firebase team says that the serv\ldots},
  file = {C\:\\Users\\kimia\\Zotero\\storage\\DVGJZTT4\\google-acquires-firebase-to-help-developers-build-better-realtime-apps.html},
  journal = {TechCrunch},
  language = {en-US}
}

@book{HansenTap2015,
  title = {Tap Av Lam P\aa{} Beite - Sammenheng Mellom Slippvekt Og Predasjon Av Jerv, Gaupe Og R\o drev},
  author = {Hansen, Inger and R{\o}dven, Rolf},
  year = {2015},
  volume = {1},
  pages = {1--1},
  publisher = {{NIBIO, Seksjon for utmarksressurser og naturbasert n\ae ringsutvikling}},
  isbn = {978-82-17-01482-9}
}

@misc{henriksenKonkurransenBeitetechHardner2020,
  title = {Konkurransen i Beite-Tech Hardner Til: "{{Alle}}" Vil Passe P\aa{} Dyrene Dine - {{Shifter}}},
  author = {Henriksen, Torill Kathrine},
  year = {2020},
  month = feb,
  howpublished = {https://shifter.no/nyheter/konkurransen-i-beite-tech-hardner-til-alle-vil-passe-pa-dyrene-dine/165196}
}

@misc{HomeScrumOrg,
  title = {Home | {{Scrum}}.Org},
  howpublished = {https://www.scrum.org/}
}

@misc{HomeStalkITNo,
  title = {Home - {{StalkIT}}.No},
  howpublished = {https://stalkit.no/}
}

@misc{HotjarWebsiteHeatmaps,
  title = {Hotjar: {{Website Heatmaps}} \& {{Behavior Analytics Tools}}},
  howpublished = {https://www.hotjar.com/}
}

@misc{HowAnalyzeEvaluate2020,
  title = {How to {{Analyze}} and {{Evaluate Usability Tests}} | {{Hotjar}}},
  year = {2020},
  month = jun,
  howpublished = {https://www.hotjar.com/usability-testing/evaluation-analysis/},
  journal = {hotjar}
}

@misc{HvaErThink,
  title = {Hva Er En {{Think Aloud}}-Protokoll? - {{Netinbag}}},
  howpublished = {https://www.netinbag.com/no/internet/what-is-a-think-aloud-protocol.html}
}

@techreport{InformasjonInnlandet,
  title = {Informasjon Til Beitebrukere, Rovviltkontakter Og Kommunene i {{Innlandet}}}
}

@misc{IntroducingIonicIonic,
  title = {Introducing {{Ionic}} 4: {{Ionic}} for {{Everyone}} - {{Ionic Blog}}},
  howpublished = {https://blog.ionicframework.com/introducing-ionic-4-ionic-for-everyone/}
}

@misc{IntroductionDOMWeb,
  title = {Introduction to the {{DOM}} - {{Web APIs}} | {{MDN}}},
  howpublished = {https://developer.mozilla.org/en-US/docs/Web/API/Document\_Object\_Model/Introduction}
}

@misc{IntroductionNGXS,
  title = {Introduction - {{NGXS}}},
  howpublished = {https://www.ngxs.io/}
}

@misc{IonicAngularOverview,
  title = {Ionic {{Angular Overview}} - {{Ionic Documentation}}},
  howpublished = {https://ionicframework.com/docs/angular/overview}
}

@misc{IonicCrossPlatformMobile,
  title = {Ionic - {{Cross}}-{{Platform Mobile App Development}}},
  howpublished = {https://ionicframework.com/}
}

@misc{JavaScriptLibraryReactNative,
  title = {Using {{Libraries}} {$\cdot$} {{React Native}}},
  howpublished = {https://reactnative.dev/docs/libraries}
}

@misc{jenniRaphaelJenniFirebaseUIAngular2021a,
  title = {{{RaphaelJenni}}/{{FirebaseUI}}-{{Angular}}},
  author = {Jenni, Raphael},
  year = {2021},
  month = mar,
  abstract = {A wrapper for FirebaseUI in Angular. Contribute to RaphaelJenni/FirebaseUI-Angular development by creating an account on GitHub.},
  copyright = {Apache-2.0 License         ,                 Apache-2.0 License},
  keywords = {angular,angularfire2,firebase,firebase-auth,firebaseui}
}

@misc{Johanssen2018AtferdSau,
  title = {Atferd Og Velferd Hos Sau},
  author = {Johanssen, Juni Rosann E. and S{\o}rheim, Kristin M.},
  year = {2018},
  month = oct,
  howpublished = {https://www.agropub.no/fagartikler/atferd-og-velferd-hos-sau},
  journal = {AgroPub}
}

@misc{kartverketNorgeskart,
  title = {{Norgeskart}},
  author = {Kartverket},
  publisher = {{Kartverket}},
  language = {no}
}

@misc{KjrstadStatensSNO,
  title = {Statens Naturoppsyn ({{SNO}})},
  author = {Kj{\o}rstad, Morten},
  howpublished = {https://www.miljodirektoratet.no/om-oss/miljodirektoratets-organisasjon/statens-naturoppsyn/},
  journal = {Milj\o direktoratet}
}

@misc{Klima-ogmiljdepartementet2020RekordlaveRovvilt,
  title = {Rekordlave Tap Av Sau Til Rovvilt},
  author = {{Klima- og milj\o departementet}},
  year = {2020},
  month = aug,
  publisher = {{regjeringen.no}},
  howpublished = {https://www.regjeringen.no/no/aktuelt/rekordlave-tap-av-sau-til-rovvilt/id2724363/},
  keywords = {Klima og miljø,Naturmangfold}
}

@book{krugRocketSurgeryMade2010,
  title = {Rocket {{Surgery Made Easy}}: {{The Do}}-{{It Yourself Guide}} to {{Finding}} and {{Fixing Usability Problems}}},
  author = {Krug, Steve},
  year = {2010},
  publisher = {{New Riders}},
  address = {{1249 Eight Street, Berkeley, CA 94710}},
  isbn = {978-0-321-65729-9}
}

@techreport{kvamRoleAdvisoryServices2019,
  title = {The Role of Advisory Services in Farmers' Decision Making for Innovation Uptake. {{Insights}} from Case Studies in {{Norway}}},
  author = {Kvam, Gunn-Turid and H{\aa}rstad, Renate Butli and Almaas, Henrik Eli and Str{\ae}te, Egil Petter},
  year = {2019},
  month = sep,
  institution = {{RURALIS - Institute for Rural and Regional Research}},
  language = {en},
  type = {Deliverable 2.2: {{Synthesis Country Report}}}
}

@misc{LandbruksdirektoratetTilskuddSMIL,
  title = {Tilskudd Til Spesielle Milj\o tiltak i Jordbruket ({{SMIL}})},
  author = {{Landbruksdirektoratet}},
  howpublished = {https://www.landbruksdirektoratet.no/nb/jordbruk/ordninger-for-jordbruk/tilskudd-til-spesielle-miljotiltak-i-jordbruket-smil?openStep=9bd67683-82ff-41db-b03a-c841ef7b40e1-2},
  journal = {Landbruksdirektoratet}
}

@misc{landbruksdirektoratetTilskuddTilTiltak,
  title = {Tilskudd Til Tiltak i Beiteomr\aa der},
  author = {Landbruksdirektoratet},
  howpublished = {https://www.landbruksdirektoratet.no/nb/jordbruk/ordninger-for-jordbruk/tilskudd-til-tiltak-i-beiteomrader?openStep=7178ef2e-7275-43fb-ba48-91e1548a6d21-0}
}

@book{larmanAgileIterativeDevelopment2004,
  title = {Agile and Iterative Development: A Manager's Guide},
  author = {Larman, Craig},
  year = {2004},
  publisher = {{Addison-Wesley Professional}}
}

@misc{LeafletDom,
  title = {Documentation - {{Leaflet}} - a {{JavaScript}} Library for Interactive Maps},
  howpublished = {https://leafletjs.com/reference-1.7.1.html\#domutil}
}

@misc{LeafletJavaScriptLibrary,
  title = {Leaflet - a {{JavaScript}} Library for Interactive Maps},
  howpublished = {https://leafletjs.com/}
}

@misc{LeonardoCardoso/Colorblinding:See.,
  title = {{{LeonardoCardoso}}/{{Colorblinding}}: {{An}} Extension for {{Google Chrome}} (and {{Chromium}}) That Simulates the Website as a Color Vision Impaired Person Would See.},
  author = {Cardoso, Leonardo},
  howpublished = {https://github.com/LeonardoCardoso/Colorblinding}
}

@inproceedings{livermoreFactorsThatImpact2007,
  title = {Factors That Impact Implementing an Agile Software Development Methodology},
  booktitle = {Conference {{Proceedings}} - {{IEEE SOUTHEASTCON}}},
  author = {Livermore, Jeffrey A.},
  year = {2007},
  pages = {82--86}
}

@misc{lorentzenTingenesInternettInntar2018,
  title = {"{{Tingenes}} Internett" Inntar {{Norge}}: {{Men}} Det Er Usikkert Hvor Fort Det Blir Penger Av Det \textendash{} {{E24}}},
  author = {Lorentzen, Marius},
  year = {2018},
  month = jan,
  howpublished = {https://e24.no/teknologi/i/0np27o/tingenes-internett-inntar-norge-men-det-er-usikkert-hvor-fort-det-blir-penger-av-det}
}

@misc{Mattilsynet2013remerkingSmafe,
  title = {\O remerking Av Sm\aa fe},
  author = {{Mattilsynet}},
  year = {2013},
  month = jan,
  howpublished = {https://www.mattilsynet.no/dyr\_og\_dyrehold/produksjonsdyr/merking\_og\_registrering\_av\_produksjonsdyr/oremerking\_av\_smaafe.4885},
  journal = {Mattilsynet}
}

@article{Mattilsynet2019Arsrapport2019,
  title = {\AA rsrapport - 2019},
  author = {{Mattilsynet}},
  year = {2019},
  pages = {45--45}
}

@techreport{Mattilsynet2019TapRovvilt,
  title = {Tap Av Sau Til Fredet Rovvilt},
  author = {{Mattilsynet} and Baalsrud, Karen Johanne},
  year = {2019},
  month = may
}

@techreport{Mattilsynet2020Mattilsynets2020,
  title = {Mattilsynets Arbeid Med Dyrevelferd 1. Og 2 Tertial 2020},
  author = {{Mattilsynet}},
  year = {2020},
  month = sep
}

@misc{Mattilsynet2021OmMattilsynet,
  title = {Om Mattilsynet},
  author = {{Mattilsynet}},
  year = {2021},
  month = feb,
  howpublished = {https://www.mattilsynet.no/om\_mattilsynet/},
  journal = {Mattilsynet}
}

@misc{Mattilsynet2021SauGeit,
  title = {Sau Og Geit},
  author = {{Mattilsynet}},
  year = {2021},
  month = feb,
  howpublished = {https://www.mattilsynet.no/dyr\_og\_dyrehold/produksjonsdyr/sau\_og\_geit/},
  journal = {Mattillsynet}
}

@article{Messel2016BondeMedisin,
  title = {Bonde Om Forslag Om Tidlig Nedsanking Av Sauer: \textendash{} {{Helt}} Feil Medisin},
  author = {Messel, Julie},
  year = {2016},
  month = jul,
  journal = {Nationen}
}

@misc{Miljdirektoratet2020RekordlavtSau,
  title = {Rekordlavt Antall P\aa viste Rovviltskader P\aa{} Sau},
  author = {{Milj\o direktoratet}},
  year = {2020},
  month = aug,
  howpublished = {https://www.miljodirektoratet.no/aktuelt/nyheter/2020/august-2020/rekordlavt-antall-paviste-rovviltskader-pa-sau/}
}

@misc{Miljdirektoratet2020TapFr,
  title = {Tap Til Rovdyr Holder Seg P\aa{} Lavere Niv\aa{} Enn F\o r},
  author = {{Milj\o direktoratet}},
  year = {2020},
  month = jan,
  howpublished = {https://www.miljodirektoratet.no/aktuelt/nyheter/2020/januar-2020/tap-til-rovdyr-holder-seg-pa-lavere-niva-enn-for/}
}

@misc{Miljdirektoratet2021Rovvilt2020,
  title = {Rovvilt Tok F\ae rre Sauer i 2020},
  author = {{Milj\o direktoratet}},
  year = {2021},
  month = jan,
  howpublished = {https://www.miljodirektoratet.no/aktuelt/nyheter/2021/januar-2021/rovvilt-tok-farre-sauer-i-2020/}
}

@misc{MiljdirektoratetErstatningRovvilt,
  title = {Erstatning for Sau Drept Av Fredet Rovvilt},
  author = {{Milj\o direktoratet}},
  howpublished = {https://soknadssenter.miljodirektoratet.no/ErstatningSauDreptAvFredetRovviltSkjema/Startside/Index?s\%C3\%B8knadstypeId=1}
}

@misc{MiljdirektoratetRovbase,
  title = {Rovbase},
  author = {{Milj\o direktoratet}},
  howpublished = {https://www.miljodirektoratet.no/tjenester/nettsteder/rovbase/?\_t\_id=hgj1Sh4LjdRHFHksPJOQBQ\%3d\%3d\&\_t\_uuid=sb\%2fCMVKRQBOQIQ0KcqsKKQ\&\_t\_q=rovbase\&\_t\_tags=language\%3ano\%2csiteid\%3a3fe17408-2bcc-45f8-86af-9820a42b8e53\%2candquerymatch\&\_t\_hit.id=Miljodirektoratet\_Web\_Features\_Landing\_Pages\_LandingPage/\_30a6c3ec-de8c-46c1-bfee-223e5b8b0b51\_no\&\_t\_hit.pos=1}
}

@misc{MongoDBAtlasCloud,
  title = {{{MongoDB Atlas}}: {{Cloud Document Database}} | {{MongoDB}}},
  howpublished = {https://www.mongodb.com/cloud/atlas/lp/try2?utm\_source=google\&utm\_campaign=gs\_footprint\_row\_search\_brand\_phrase\_intent\_test\_atlas\_desktop\&utm\_term=mongo\&utm\_medium=cpc\_paid\_search\&utm\_ad=p\&utm\_ad\_campaign\_id=11295578158\&gclid=Cj0KCQjw0caCBhCIARIsAGAfuMzyUpgTTR5vywwZyb6jMveLooqnghujnH8U1sPjh56kIbnF6XzEj\_EaAqjOEALw\_wcB}
}

@misc{NannestadGeit,
  title = {Nannestad Sau Og Geit},
  howpublished = {www.nsg.no/akershus/nannestad}
}

@misc{NativeScript,
  title = {Native Mobile Apps with {{Angular}}, {{Vue}}.Js, {{TypeScript}}, {{JavaScript}} - {{NativeScript}}},
  howpublished = {https://nativescript.org/}
}

@misc{NativeScriptAngular,
  title = {Getting {{Started}} - {{NativeScript Docs}}},
  howpublished = {https://docs.nativescript.org/angular/start/introduction}
}

@misc{nesKortIntroduksjonTil2019,
  title = {En Kort Introduksjon Til {{Scrum}} | {{Visma Blog}}},
  author = {Nes, Solveig Maria},
  year = {2019},
  month = may,
  journal = {Visma}
}

@misc{ngxsIllustration,
  title = {Introduction - {{NGXS}}},
  howpublished = {https://www.ngxs.io/concepts/intro}
}

@misc{NodeJs,
  title = {About | {{Node}}.Js},
  howpublished = {https://nodejs.org/en/about/}
}

@misc{NorgeskartBakgrunnCache,
  title = {Norgeskart Bakgrunn Cache - {{Kartkatalogen}}},
  howpublished = {https://kartkatalog.geonorge.no/metadata/norgeskart-bakgrunn-cache/c0d063aa-59fc-42db-bc5d-a1c88f2bf256}
}

@misc{NorgeskartKartverketNo,
  title = {Norgeskart | {{Kartverket}}.No},
  howpublished = {https://www.kartverket.no/til-lands/kart/norgeskart}
}

@misc{NorskSauogGeit2018OrganisertBeitebruk,
  title = {Organisert Beitebruk},
  author = {{Norsk Sau og Geit}},
  year = {2018},
  month = jul,
  howpublished = {https://www.nsg.no/beitebruk/utmarksbeite/organisert-beitebruk/}
}

@misc{NorskSauogGeitBjelleslips,
  title = {Bjelleslips},
  author = {{Norsk Sau og Geit}},
  howpublished = {https://www.nsg.no/a-a/merking-av-smafe/bjelleslips/}
}

@misc{NorskSauogGeitRiktigSlippetidspunkt,
  title = {Riktig Slippetidspunkt},
  author = {{Norsk Sau og Geit}},
  howpublished = {https://www.nsg.no/dyrevelferd-pa-beite/riktig-slippetidspunkt/},
  journal = {Norsk sau og geit}
}

@misc{NorturaMedlem2016UtformingSA,
  title = {Utforming Av Sankegjerde - Medlemsportal for Nortura {{SA}}},
  author = {{Nortura Medlem}},
  year = {2016},
  month = jul,
  howpublished = {https://medlem.nortura.no/arkiv-nyhetsartikler/utforming-av-sankegjerde-article36552-12003.html},
  journal = {Nortura medlem}
}

@misc{NpmNpmDocs,
  title = {About Npm | Npm {{Docs}}},
  howpublished = {https://docs.npmjs.com/about-npm}
}

@book{oatesResearchingInformationSystems2013,
  title = {Researching {{Information Systems}} and {{Computing}}},
  author = {Oates, Briony J},
  year = {2013},
  publisher = {{SAGE Publications Ltd}},
  isbn = {978-1-4192-0223-1},
  language = {English}
}

@misc{Odden2017HvorforRovdyr,
  title = {Hvorfor Har {{Norge}} H\o yest Tap Av Sau Til Rovdyr?},
  author = {Odden, John},
  year = {2017},
  month = jun,
  journal = {Rovdyrbloggen}
}

@misc{OLEDOLED-Info,
  title = {{{OLED}} Introduction and Basic {{OLED}} Information | {{OLED}}-{{Info}}},
  howpublished = {https://www.oled-info.com/oled-introduction}
}

@misc{OmGeonorge,
  title = {Om {{Geonorge}}},
  howpublished = {https://www.geonorge.no/aktuelt/om-geonorge/}
}

@misc{OSIDASCombiremerke,
  title = {Combi 3000 Sm\aa{} \O remerke},
  author = {{OS ID AS}},
  howpublished = {https://www.osid.no/produkter/sau/combi-3000-sma-oremerke/},
  journal = {OS ID AS}
}

@misc{PRODUKTSmartbjellaSporing,
  title = {{{PRODUKT}} - {{Smartbjella Sporing}}},
  howpublished = {https://smartbjella.no/produkt/}
}

@misc{ProduktTelespor,
  title = {Produkt \textendash{} {{Telespor AS}}},
  howpublished = {https://telespor.no/produkt/}
}

@misc{rachieleSoftwareDevelopmentMethodologies2018,
  title = {Software {{Development Methodologies}}},
  author = {Rachiele, Gianpaul},
  year = {2018},
  month = apr,
  abstract = {Almost every job interview I've been on and every job listing I've looked at mentions/requires something about the development process\ldots},
  file = {C\:\\Users\\kimia\\Zotero\\storage\\SWNAGVFN\\software-development-methodologies-a856883a7630.html},
  howpublished = {https://medium.com/@gianpaul.r/software-development-methodologies-a856883a7630},
  journal = {Medium},
  language = {en}
}

@misc{radiganKanbanBriefIntroduction,
  title = {Kanban - {{A}} Brief Introduction | {{Atlassian}}},
  author = {Radigan, Dan},
  howpublished = {https://www.atlassian.com/agile/kanban},
  journal = {Atlassian}
}

@phdthesis{rannikkoUserCenteredDesignAgile2011,
  title = {User-{{Centered Design}} in {{Agile Software Development}}},
  author = {Rannikko, Pirkka},
  year = {2011},
  month = apr,
  address = {{Tampere}},
  school = {University of Tampere}
}

@misc{ReactJavaScriptLibrary,
  title = {React \textendash{} {{A JavaScript}} Library for Building User Interfaces},
  howpublished = {https://reactjs.org/}
}

@misc{ReactNativeFramework,
  title = {React {{Native}} {$\cdot$} {{A}} Framework for Building Native Apps Using {{React}}},
  howpublished = {https://reactnative.dev/}
}

@misc{RekdalTemahefteSau,
  title = {Temahefte - Utmarksbeite Til Sau},
  author = {Rekdal, Yngve and Angeloff, Michael and Skurdal, Erling and Avdem, Finn and T{\o}mmerberg, Vibeke and Skeidsvoll Trollersrud, Tore},
  journal = {Nortura SA}
}

@misc{remerker,
  title = {\O remerker},
  howpublished = {http://lindholtdata.no/lvs/Merker.aspx}
}

@misc{renwickHowManyParticipants2019,
  title = {How Many Participants Do {{I}} Need for Qualitative Research?},
  author = {Renwick, David},
  year = {2019},
  month = aug,
  howpublished = {https://blog.optimalworkshop.com/how-many-participants-do-i-need-for-qualitative-research/},
  journal = {Optimal Workshop}
}

@misc{RovbaseErstatningSau,
  title = {Erstatning for Sau},
  author = {{Rovbase}},
  howpublished = {https://www.rovbase.no/erstatning/sau},
  journal = {Rovbase}
}

@inproceedings{royceManagingDevelopmentLarge1970,
  title = {Managing the {{Development}} of {{Large Software Systems}}: {{Concepts}} and {{Techniques}}},
  booktitle = {Proceedings of {{IEEE WESCON}}},
  author = {Royce, Winston Walker},
  year = {1970},
  month = aug,
  pages = {328--338},
  publisher = {{The Institute of Electrical and Electronics Engineers}}
}

@misc{Sauehelsenett2017Alveld,
  title = {Alveld},
  author = {{Sauehelsenett}},
  year = {2017},
  month = mar,
  howpublished = {https://www.animalia.no/no/Dyr/sauehelsenett/sjukdommer/forgiftninger/alveld/},
  journal = {Animalia}
}

@book{schwaberAgileSoftwareDevelopment2002,
  title = {Agile Software Development with {{Scrum}}},
  author = {Schwaber, Ken and Beedle, Mike},
  year = {2002},
  volume = {1},
  publisher = {{Prentice Hall}},
  address = {{Upper  Saddle River}},
  isbn = {978-0-13-067634-4}
}

@misc{SDLCWaterfallModel,
  title = {{{SDLC}} - {{Waterfall Model}} - {{Tutorialspoint}}},
  howpublished = {https://www.tutorialspoint.com/sdlc/sdlc\_waterfall\_model.htm}
}

@misc{Shiip,
  title = {Shiip},
  howpublished = {https://www.shiip.no/}
}

@misc{SlippyMapTilenames,
  title = {Slippy Map Tilenames \textendash{} {{OpenStreetMap Wiki}}},
  howpublished = {https://wiki.openstreetmap.org/wiki/Slippy\_map\_tilenames}
}

@misc{SMARTBELLSEmisjonskampanjeFolkeinvest2019,
  title = {{{SMARTBELLS AS}} Emisjonskampanje | {{Folkeinvest}}},
  year = {2019},
  month = oct,
  howpublished = {https://folkeinvest.no/kampanje/smartbells-as}
}

@misc{SmartbjellaPresalg2021,
  title = {Smartbjella 2 (Pre-Salg 2021) - {{Smartbjella Sporing}}},
  howpublished = {https://smartbjella.no/product/smartbjella-2-kjop/}
}

@misc{SmartbjellaSporing,
  title = {Smartbjella Sporing},
  howpublished = {https://smartbjella.no/}
}

@techreport{statenslandbruksforvaltningNasjonaltBeiteprosjekt20092013,
  title = {Nasjonalt {{Beiteprosjekt}} 2009 - 2012},
  author = {{Statens landbruksforvaltning}},
  year = {2013},
  month = mar,
  address = {{Oslo}},
  institution = {{Avdeling Ressurs og areal, seksjon milj\o{} og klima}},
  number = {14/2013},
  type = {Sluttrapport}
}

@misc{Statsforvalteren2021Styringsdokumenter,
  title = {Styringsdokumenter},
  author = {{Statsforvalteren}},
  year = {2021},
  month = feb,
  howpublished = {https://styringsportalen.fylkesmannen.no/2021/styringsdokumenter/},
  journal = {Statsforvalteren}
}

@misc{Statsforvalteren202HistoriaStatsforvalteren,
  title = {Historia Om Statsforvalteren},
  author = {{Statsforvalteren}},
  year = {2020},
  month = dec,
  howpublished = {https://www.statsforvalteren.no/portal/Om-oss/historia-om-statsforvalteren/},
  journal = {Statsforvalteren}
}

@techreport{StatsforvaltereniInnlandet2020InformasjonInnlandet,
  title = {Informasjon Til Beitebrukere, Rovviltkontakter Og Kommunene i {{Innlandet}}},
  author = {{Statsforvalteren i Innlandet}},
  year = {2020},
  month = may
}

@inproceedings{Stornes2017TidligInnmarksbeite,
  title = {Tidlig Nedsanking Av Sau Og Bare Innmarksbeite-{{Sats}} per Dyr Og Dag Ved Mer Innmarksbeite},
  author = {Stornes, Ole Kristian and Rauset, Geir Rune},
  year = {2017},
  month = aug,
  publisher = {{NIBIO}},
  issn = {2464-1162},
  isbn = {978-82-17-01913-8}
}

@misc{telenorDekningIoTPaa,
  title = {Dekning for {{IoT}} P\aa{} {{4G}}},
  author = {Telenor},
  howpublished = {https://www.telenor.no/bedrift/iot/dekning/}
}

@misc{Telespora,
  title = {{Telespor}},
  abstract = {Elektronisk overv\aa king av husdyr. Telespor AS utvikler og selger produkter og tjenester for elektronisk overv\aa kning av husdyr p\aa{} beite.},
  file = {C\:\\Users\\kimia\\Zotero\\storage\\3IAR8IPI\\telespor.no.html},
  howpublished = {http://www.telespor.no/},
  language = {nb-NO}
}

@misc{TelesporNettbutikka,
  title = {Telespor Nettbutikk},
  file = {C\:\\Users\\kimia\\Zotero\\storage\\RUFSYMY4\\nettbutikk.telespor.no.html},
  howpublished = {https://nettbutikk.telespor.no/}
}

@misc{Telesporsystemet,
  title = {{Telespor-systemet}},
  abstract = {Elektronisk overv\aa king av husdyr. Telespor AS utvikler og selger produkter og tjenester for elektronisk overv\aa kning av husdyr p\aa{} beite.},
  file = {C\:\\Users\\kimia\\Zotero\\storage\\FUP5YLAQ\\telespor-systemet.html},
  howpublished = {http://telespor.no/informasjon/telespor-systemet/},
  journal = {Telespor},
  language = {nb-NO}
}

@misc{TextToSpeechAndroidDevelopers,
  title = {{{TextToSpeech}} ~|~ {{Android Developers}}},
  howpublished = {https://developer.android.com/reference/android/speech/tts/TextToSpeech}
}

@misc{Tjrhom2019ForebyggingBeitebruk,
  title = {Forebygging Av Parasittproblemer Med God Beitebruk},
  author = {Tj{\o}rhom, Birgitta and Odden, Ane and Domke, Atle and Tollersrud, Tore and T{\o}mmerberg, Vibeke},
  year = {2019},
  month = may,
  howpublished = {https://www.animalia.no/no/Dyr/sauehelsenett/arstid/beiteperioden/forebygging-av-parasittproblemer-med-god-beitebruk/},
  journal = {Sauehelsenett, animalia}
}

@misc{toikkanenDonDrawDiagrams2005,
  title = {Don't Draw Diagrams of Wrong Practices \textendash{} or: {{Why}} People Still Believe in the {{Waterfall}} Model},
  author = {Toikkanen, Tarmo},
  year = {2005},
  month = sep,
  howpublished = {https://www.tarmo.fi/2005/09/09/dont-draw-diagrams-of-wrong-practices-or-why-people-still-believe-in-the-waterfall-model/},
  journal = {tarmo.fi}
}

@misc{Trello,
  title = {Trello},
  howpublished = {https://trello.com/en}
}

@misc{TypeScriptTypedJavaScript,
  title = {{{TypeScript}}: {{Typed JavaScript}} at {{Any Scale}}.},
  howpublished = {https://www.typescriptlang.org/}
}

@article{Velle2018Alveld,
  title = {Alveld},
  author = {Velle, Weiert Martin},
  year = {2018},
  month = aug,
  publisher = {{Store Norske leksikon}},
  journal = {alveld}
}

@misc{VuejsVue2021,
  title = {Vuejs/Vue},
  year = {2021},
  month = mar,
  abstract = {🖖 Vue.js is a progressive, incrementally-adoptable JavaScript framework for building UI on the web.},
  copyright = {MIT License         ,                 MIT License},
  howpublished = {vuejs},
  keywords = {framework,frontend,javascript,vue}
}

@misc{WaterfallModelSoftware,
  title = {Waterfall {{Model}} ({{Software Engineering}}) - Javatpoint},
  howpublished = {https://www.javatpoint.com/software-engineering-waterfall-model},
  journal = {javaTpoint}
}

@misc{WaterfallModelWhat2016,
  title = {Waterfall {{Model}}: {{What Is It}} and {{When Should You Use It}}?},
  year = {2016},
  month = dec,
  howpublished = {https://airbrake.io/blog/sdlc/waterfall-model},
  journal = {Airbrake}
}

@misc{wellsExtremeProgrammingGentle2009,
  title = {Extreme {{Programming}}: {{A Gentle Introduction}}.},
  shorttitle = {Extreme {{Programming}}},
  author = {Wells, Don},
  year = {2009},
  howpublished = {http://www.extremeprogramming.org/}
}

@misc{WhatBaaSBackendasaService,
  title = {What Is {{BaaS}}? | {{Backend}}-as-a-{{Service}} vs. Serverless | {{Cloudflare}}},
  howpublished = {https://www.cloudflare.com/learning/serverless/glossary/backend-as-a-service-baas/}
}

@misc{WhatEnerlytics,
  title = {What Is the Impact of {{Dark Mode}} on Battery Drain? \textendash{} {{Mobile Enerlytics}}},
  howpublished = {http://mobileenerlytics.com/dark-mode/}
}

@misc{WhatScrum,
  title = {What Is {{Scrum}}?},
  howpublished = {https://www.scrum.org/resources/what-is-scrum},
  journal = {Scrum.org}
}

@misc{WhyAgileImportant2020,
  title = {Why {{Agile}} Is Important for {{Software Development}} - {{Digital Template Market}}},
  year = {2020},
  month = oct,
  howpublished = {https://digitaltemplatemarket.com/agile-important-software-development/}
}

@misc{yrehagen2015BeiteUtmark,
  title = {Beite Og Utmark},
  author = {{\O}yrehagen, H{\aa}vard},
  year = {2015},
  month = apr,
  howpublished = {https://www.nsg.no/fylkeslaga/sogn-og-fjordane/lokallag/sogndal-sau-og-geit/utmarksbeite/},
  journal = {Norsk sau og geit}
}

@misc{ZoomLevelsLeaflet,
  title = {Zoom Levels - {{Leaflet}} - a {{JavaScript}} Library for Interactive Maps},
  howpublished = {https://leafletjs.com/examples/zoom-levels/}
}


